<?xml version="1.0" encoding="UTF-8"?><collection xmlns="http://www.loc.gov/MARC21/slim"><record><leader>00335nam--2200121-i-4500</leader><controlfield tag="001">000042811</controlfield><controlfield tag="002">20161230</controlfield><controlfield tag="005">20161230201043</controlfield><controlfield tag="008">060222s1000------------r-----000-0-eng-d</controlfield><datafield ind1=" " ind2=" " tag="100"><subfield code="a">Pressman, A.I</subfield></datafield><datafield ind1=" " ind2=" " tag="245"><subfield code="a">Design of transistorized circuits for digital computers</subfield></datafield><datafield ind1=" " ind2=" " tag="260"><subfield code="a">London, Chapman &amp; Hall, Ltd., 1960, Xi + 316p</subfield></datafield><datafield ind1=" " ind2=" " tag="852"><subfield code="a">16528</subfield></datafield></record></collection>